%% This BibTeX bibliography file was created using BibDesk.
%% http://bibdesk.sourceforge.net/


%% Created for Andrea Barbon at 2013-12-04 14:29:57 +0100 


%% Saved with string encoding Unicode (UTF-8) 


@article{PICARD,
	Author = {S.L. Kleiman},
	Date-Added = {2014-01-20 13:25:38 +0000},
	Date-Modified = {2014-01-20 13:29:57 +0000},
	Publisher = {Springer},
	Title = {The Picard scheme},
	Year = {2005},
	NOTE = {Preprint, \url{http://arxiv.org/abs/math/0504020}}
	}

@article{FULTON,
	Author = {W. Fulton and R. Lazarsfeld},
	Date-Added = {2013-12-24 10:35:18 +0000},
	Date-Modified = {2013-12-24 10:35:18 +0000},
	Journal = {Acta Mathematica},
	Number = {1},
	Pages = {271 - 283},
	Title = {On the connectedness of degeneracy loci and special divisors},
	Volume = {Vol 146},
	Year = {1981},
	Month = {June}
	}

@book{BOSCH,
	Author = {S. Bosch and W. L\"utkebohmert and M. Raynaud},
	Date-Added = {2013-12-04 13:25:38 +0000},
	Date-Modified = {2013-12-04 13:29:57 +0000},
	Publisher = {Springer},
	Title = {N{\'e}ron Models},
	Year = {1990}}

@book{MUMAV,
	Author = {D. Mumford},
	Date-Added = {2013-12-04 13:19:57 +0000},
	Date-Modified = {2013-12-04 13:23:57 +0000},
	Publisher = {Tata Institute of Fundamental Research, Bombay},
	Title = {Abelian Varieties},
	Year = {1974}}

@book{GAC,
	Author = {E. Arbarello and M. Cornalba and P.A. Griffiths and J. Harris},
	Date-Added = {2010-11-17 11:46:43 +0100},
	Date-Modified = {2013-12-03 15:17:52 +0000},
	Publisher = {Springer},
	Rating = {4},
	Title = {Geometry of Algebraic Curves},
	Volume = {Vol 1},
	Year = {1985}}
	
@book{SERRE,
	Author = {J.P. Serre},
	Date-Added = {2014-01-16 11:46:43 +0100},
	Date-Modified = {2014-01-16 15:17:52 +0000},
	Publisher = {Springer},
	Rating = {5},
	Title = {Algebraic Groups and Class Fields},
	Year = {1988}}

@book{HAG,
	Author = {R. Hartshorne},
	Date-Added = {2014-01-07 11:46:43 +0100},
	Date-Modified = {2014-01-07 15:17:52 +0000},
	Publisher = {Springer},
	Rating = {1},
	Title = {Algebraic Geometry},
	Year = {1977}}
	
@article{NORTH,
	Author = {J.A. Eagon and D.G. Northcott},
	Date-Added = {2007-09-06 11:28:24 +0200},
	Date-Modified = {2013-12-03 15:22:18 +0000},
	Journal = {Proc. Roy. Soc. Lond. A},
	Month = {September},
	Number = {1337},
	Pages = {188-204},
	Title = {Ideals defined by matrices and a certain complex associated with them},
	Volume = {Vol 269},
	Year = {1962}}		


@misc{stacks-project,
  shorthand    = {Stacks},
  author       = {The {Stacks Project Authors}},
  title        = {\itshape Stacks Project},
  howpublished = {\url{http://stacks.math.columbia.edu}},
  year         = {2014}
	}


@article{FITT,
	Author = {H. Fitting},
	Date-Added = {2014-1-27 10:35:18 +0000},
	Date-Modified = {2014-1-27 10:35:18 +0000},
	Journal = {Jahresbericht der Deutschen Mathematiker-Vereinigung},
	Number = {46},
	Pages = {195â€“228},
	Title = {Die Determinantenideale eines Moduls},
	Year = {1936}
	}

